@article{JoniSolowayGoldmanEhrlich83,
 author = {Joni, Saj-Nicole and Soloway, Elliot and Goldman, Robert and Ehrlich, Kate},
 title = {Just {S}o {S}tories: How the {P}rogram {G}ot {T}hat {B}ug},
 journal = {SIGCUE Outlook},
 issue_date = {Fall 1983},
 volume = {17},
 number = {4},
 month = sep,
 year = {1983},
 issn = {0163-5735},
 pages = {13--26},
 numpages = {14},
 url = {http://doi.acm.org/10.1145/1045083.1045086},
 doi = {10.1145/1045083.1045086},
 acmid = {1045086},
 publisher = {ACM},
 address = {New York, NY, USA},
}

@article{Chillarege92,
 author = {Chillarege, Ram and Bhandari, Inderpal S. and Chaar, Jarir K. and Halliday, Michael J. and Moebus, Diane S. and Ray, Bonnie K. and Wong, Man-Yuen},
 title = {Orthogonal {D}efect {C}lassification-A Concept for In-Process Measurements},
 journal = {IEEE Trans. Softw. Eng.},
 issue_date = {November 1992},
 volume = {18},
 number = {11},
 month = nov,
 year = {1992},
 issn = {0098-5589},
 pages = {943--956},
 numpages = {14},
 url = {http://dx.doi.org/10.1109/32.177364},
 doi = {10.1109/32.177364},
 acmid = {141346},
 publisher = {IEEE Press},
 address = {Piscataway, NJ, USA},
}

@book{Beizer90,
 author = {Beizer, Boris},
 title = {Software {T}esting {T}echniques (2nd Ed.)},
 year = {1990},
 isbn = {0-442-20672-0},
 publisher = {Van Nostrand Reinhold Co.},
 address = {New York, NY, USA},
}

@article{IEEE10,
 journal={I{E}{E}{E} {S}td 1044-2009 ({R}evision of IEEE Std 1044-1993)},
 key={I{E}{E}{E} {S}tandard {C}lassification for {S}oftware {A}nomalies},
 title={I{E}{E}{E} {S}tandard {C}lassification for {S}oftware {A}nomalies},
 year={2010},
 month={Jan},
 pages={1-23},
 doi={10.1109/IEEESTD.2010.5399061},
}

@book{VanLehn90,
 author = {VanLehn, Kurt},
 title = {{M}ind {B}ugs: {T}he {O}rigins of {P}rocedural {M}isconceptions},
 year = {1990},
 publisher = {MIT Press},
 address = {Cambridge, Mass., USA},
}

@inproceedings{BryceCooleyHansenHayrapetyan10,
 author={Bryce, R.C. and Cooley, A. and Hansen, A. and Hayrapetyan, N.},
 booktitle={Frontiers in Education Conference (FIE), 2010 IEEE},
 title={{A} {O}ne {Y}ear {E}mpirical {S}tudy of {S}tudent {P}rogramming {B}ugs},
 year={2010},
 month={Oct},
 pages={F1G-1-F1G-7},
 doi={10.1109/FIE.2010.5673143},
 ISSN={0190-5848},
}

@article{PutnamSleemanBaxterKuspa86,
 author={Putnam, Ralph T. and Sleeman, D. and Baxter, Juliet A. and Kuspa, Laiani K.},
 title={{A} {S}ummary of {M}isconceptions of {H}igh {S}chool {B}asic {P}rogrammers},
 year={1986},
 month={Nov},
 journal={Journal of Educational Computing Research},
 pages={459-472},
}

@article{SpohrerSoloway86,
 author={Spohrer, James C. and Soloway, Elliot},
 title={{N}ovice {M}istakes: {A}re the {F}olk {W}isdoms {C}orrect?},
 journal = {Commun. ACM},
 issue_date = {July 1986},
 volume = {29},
 number = {7},
 month = {Jul},
 year = {1986},
 issn = {0001-0782},
 pages = {624--632},
 numpages = {9},
 url = {http://doi.acm.org/10.1145/6138.6145},
 doi = {10.1145/6138.6145},
 acmid = {6145},
 publisher = {ACM},
 address = {New York, NY, USA},
}

@inproceedings{KoMyers03,
 author={Ko, A.J. and Myers, B.A.},
 booktitle={Human Centric Computing Languages and Environments, 2003. Proceedings. 2003 IEEE Symposium on},
 title={Development and {E}valuation of a {M}odel of {P}rogramming {E}rrors},
 year={2003},
 month={Oct},
 pages={7-14},
 doi={10.1109/HCC.2003.1260196},
}

@article{Pea86,
 author={Pea, Roy D.},
 title={{L}anguage-independent conceptual ``bugs" in novice programming},
 journal={Journal of educational computing research},
 year={1986},
 pages={25-36}
}

@book{Reason90,
 author={James Reason},
 title={Human Error},
 publisher={Cambridge University Press},
 year={1990},
 isbn={9781139062367},
}

@inproceedings{SudolRiversHarris12,
 author={Sudol, Leigh Ann and Rivers, Kelly and Harris, T.K.},
 year={2012},
 booktitle={Proceedings of the Fifth International Conference on Educational Data Mining},
 title={{C}alculating {P}robabilistic {D}istance to {S}olution in a {C}omplex {P}roblem {S}olving {D}omain},
 pages={144--147},
}

@article{McCabe76,
 author={McCabe, T.J.},
 journal={Software Engineering, IEEE Transactions on},
 title={A {C}omplexity {M}easure},
 year={1976},
 month={Dec},
 volume={SE-2},
 number={4},
 pages={308-320},
 doi={10.1109/TSE.1976.233837},
 ISSN={0098-5589},
}

@article{ErdogmusMorisioTorchiano05,
 author={Erdogmus, H. and Morisio, Maurizio and Torchiano, Marco},
 journal={Software Engineering, IEEE Transactions on},
 title={On the {E}ffectiveness of the {T}est-{F}irst {A}pproach to {P}rogramming},
 year={2005},
 month={March},
 volume={31},
 number={3},
 pages={226-237},
 doi={10.1109/TSE.2005.37},
 ISSN={0098-5589},
}

@phdthesis{Sudol-DeLyser14,
 title={AbstractTutor: Increasing Algorithm Implementation Expertise for Novices Through Algorithmic Feedback},
 author={Leigh Ann Sudol-DeLyser},
 school={Carnegie Mellon University},
 month={Dec},
 year={2014},
}

@mastersthesis{Blank14,
 title={Technological and {P}edagogical {I}nnovations for {T}eaching {I}ntroductory {D}iscrete {M}athematics to {C}omputer {S}cience {S}tudents},
 author={Adam Blank},
 school={Carnegie Mellon University},
 month={Aug},
 year={2014},
}

@mastersthesis{Arnold10,
 title={C0, an {I}mperative {P}rogramming {L}anguage for {N}ovice {C}omputer {S}cientists},
 author={Rob Arnold},
 school={Carnegie Mellon University},
 month={Dec},
 year={2010},
}

@misc{PfenningCortinaLovas11,
 title={Teaching {I}mperative {P}rogramming with {C}ontracts at the {F}reshmen {L}evel [{E}xperience {R}eport]},
 author={Frank Pfenning and Tom Cortina and William Lovas},
 year={2011},
 month={Sept},
 note={Unpublished manuscript},
}
